@book{chiu2013stochastic,
  title={Stochastic geometry and its applications},
  author={Chiu, Sung Nok and Stoyan, Dietrich and Kendall, Wilfrid S and Mecke, Joseph},
  year={2013},
  publisher={John Wiley \& Sons}
}

@book{cressie1993statistics,
  title={Statistics for spatial data},
  author={Cressie, Noel},
  year={1993},
  publisher={John Wiley \& Sons}
}

@article{dixon2001ripley,
  title={Ripley's K function},
  author={Dixon, Philip M},
  journal={Encyclopedia of environmetrics},
  volume={3},
  pages={1796},
  year={2001}
}

@book{illian2008statistical,
  title={Statistical analysis and modelling of spatial point patterns},
  author={Illian, Janine and Penttinen, Antti and Stoyan, Helga and Stoyan, Dietrich},
  volume={70},
  year={2008},
  publisher={John Wiley \& Sons}
}

@article{wiegand_how_2007,
        title = {How individual species structure diversity in tropical forests},
        volume = {104},
        doi = {10.1073/pnas.0705621104},
        number = {48},
        journal = {Proceedings of the National Academy of Sciences},
        author = {Wiegand, T. and Gunatilleke, C. V. S. and Gunatilleke, I. A. U. N. and Huth, A.},
        year = {2007},
        pages = {19029--19033},
}

@article{yau2012generalization,
  title={A generalization of the Neyman-Scott process},
  author={Yau, Chun Yip and Loh, Ji Meng},
  journal={Statistica Sinica},
  pages={1717--1736},
  year={2012},
  publisher={JSTOR}
}
